@PHDTHESIS{TNS,
        author = {Luis Xavier González},
        title = {El Telescopio de Neutrones Solares en Sierra Negra y Aceleración de Iones en la Atmósfera Solar},
        school = {{U}niversidad {N}acional {A}utónoma de {M}éxico},
	year = {2006}	
}


@INPROCEEDINGS{valdes,
	author = {J. F. Valdés-Galicia and others},
	title = {A {N}ew {S}olar {N}eutron {T}elescope in {M}exico},
	booktitle = {28th International Cosmic Ray Conference {(ICRC)}},
	year = {2004}
}

@INPROCEEDINGS{muraki,
	author = {Y. Muraki and others},
	title = {Solar neutron events associated with large solar flares in solar cycle 23},
	booktitle = {29th International Cosmic Ray Conference {(ICRC)}},
	year = {2005}
}

@ARTICLE{murakii,
	author = {Y. Muraki and others},
	title = {Simultaneous Observation of Solar Neutrons from the ISS and High Mountain Observatories in
association with a flare on July 8, 2014},
	booktitle = {34th International Cosmic Ray Conference {(ICRC)}},
	year = {2015}
}


@ARTICLE{watanab,
	author = {K. Watanabe and others},
	title = {Solar neutron events of October-November 2003},
	year = {2005}
}

@INPROCEEDINGS{lxg,
	author = {L.X. González and others},
	title = {Performance of an Improved Solar Neutron Telescope Installed in {S}ierra {N}egra {V}olcano, {M}exico},
           booktitle = {29th {ICRC}},
	year = {2005}
}

@INPROCEEDINGS{watanabe,
	author = {K. Watanabe and others},
	title = {Ion acceleration and neutral emission mechanisms for 2005 September 7 flare},
	booktitle = {30th {ICRC}},
	year = {2008}
}

@INPROCEEDINGS{matsubara,
	author = {Y. Matsubara and others},
	title = {Search for solar neutrons associated with series of X-class flares during the declining
period of solar cycle 23},
	booktitle = {30th {ICRC}},
	year = {2008}
}

@INPROCEEDINGS{Luisx,
	author = {L. X. González and others},
	title = {Energy spectrum for the solar neutron event of September 7, 2005, derived from the SNT at Sierra Negra},
	booktitle = {30th {ICRC}},
	year = {2008}
}

@INPROCEEDINGS{LX,
	author = {L. X. González and others},
	title = {Geant4 simulation of the Solar Neutron Telescope (SNT) at {S}ierra {N}egra, {M}exico},
	booktitle = {31 th {ICRC}},
	year = {2009}
}




@BOOK{TimeS,
	author = {Peter J. Brockwell and Richard A. Davis.},
	year = {1900},
	title = {Introduction to Time Series and Forecasting},
	edition = {2},
	publisher = {Springer},
	adress = {USA}


}

@BOOK{Statistics,
	author = {Richard A. Johnson and Gouri K. Bhattacharyya.},
	title = {Statistics, Principles \& Methods},
	edition = {6},
	publisher= {John Wiley \& Sons},
	adress = {USA}

}

@BOOK{santana,
	author = {Julio Sergio Santana and Efraín Mateos Farfán.},
	title = {El arte de programar en {R}: un lenguaje para la estadística},
	edition = {1},
	publisher= {{I}nstituto {M}exicano de {T}ecnología del {A}gua},
	adress = {México}
	
}	

@BOOK{TSeries,
	author = {Robert H. Shumway and David S. Stoffer.},
	title = {Time Series Analysis and Its Applications},
	edition = {3},
	publisher = {Springer},

}


@BOOK{TSe,
	author = {William W.S. Wei},
	title = {Time Series Analysis: Univariate and Multivariate Methods},
	publisher = {Pearson Education},
	edition = {segunda edicion},
	adress = {USA}

}

@BOOKLET{principiantes,
	author = {Emmanuel Paradis},
	title = {R para principiantes},

}

@Manual{R,
    title = {R: A Language and Environment for Statistical Computing},
    author = {{R Core Team}},
    organization = {R Foundation for Statistical Computing},
    address = {Vienna, Austria},
    year = {2016},
    url = {https://www.R-project.org/},
  }

@Article{openair,
    title = {openair --- An R package for air quality data analysis},
    author = {David C. Carslaw and Karl Ropkins},
    journal = {Environmental Modelling and Software},
    volume = {27--28},
    number = {0},
    pages = {52--61},
    year = {2012},
    issn = {1364-8152},
    doi = {10.1016/j.envsoft.2011.09.008},
  }
  
@Book{ggplot,
    author = {Hadley Wickham},
    title = {ggplot2: Elegant Graphics for Data Analysis},
    publisher = {Springer-Verlag New York},
    year = {2009},
    isbn = {978-0-387-98140-6},
    url = {http://ggplot2.org},
  }


@Article{lubrid,
    title = {Dates and Times Made Easy with {lubridate}},
    author = {Garrett Grolemund and Hadley Wickham},
    journal = {Journal of Statistical Software},
    year = {2011},
    volume = {40},
    number = {3},
    pages = {1--25},
    url = {http://www.jstatsoft.org/v40/i03/},
  }

@Manual{xlsx,
    title = {xlsx: Read, write, format Excel 2007 and Excel 97/2000/XP/2003 files},
    author = {Adrian A. Dragulescu},
    year = {2014},
    note = {R package version 0.5.7},
    url = {https://CRAN.R-project.org/package=xlsx},
  }
  
@ARTICLE{rev,
    title = {Cien años de rayos cósmicos},
    author = {Manuel Aguilar Benitez-de-Lugo},
    year = {2011},
    journal={Rev. R. Acad. Cienc. Exact. Fís. Nat.}
  }

@ARTICLE{whatCR,
    title = {What are Cosmic Rays?},
    author = {Hayanon},
    year = {2006},
    journal={Solar-Terrestrial Environment Laboratory, Nagoya University}
  }

@BOOKLET{chismes,
    title = {Chismes Espaciales},
    author = {Blanca Mendoza-Ortega and others},
    year = {2001},
    publisher={Editorial del Instituto de Geofísica, UNAM}
  }

@ARTICLE{Ihaka,
    title = {R: a language for data analysis and graphics},
    author = {Ross-Ihaka and  Robert-Gentleman},
    journal = {Journal of Computational and Graphical Statistics 5: 299–314},
    year = {1996},
  }


@ELECTRONIC{geo,
  author = {{Instituto de Geofísica, UNAM}},
  year = {09 de {M}arzo de 2017},
  title = {\url{www.geofisica.unam.mx/observatorios/rayos\_cosmicos/grupo\_raycos/antecedentes.html}}
}

@Manual{manualOp,
    title = {Lenguaje {R} aplicado al análisis de {C}alidad de {A}ire},
    author = {Fernando Follos Pliego},
    organization = {{E}nvironmental {R}isk {M}anagement},
    year = {Septiembre de 2012},
  }

@BOOK{mensajeros,
	author = {Javier A. Otaola and José Fco. Valdés-Galicia.},
	title = {Los rayos cósmicos: mensajeros de las estrellas},
	year = {1992},
	publisher= {Fondo de Cultura Económica},
	adress = {México}

}

@BOOK{brunorossi,
	author = {Bruno B. Rossi},
	title = {Cosmic Rays},
	year = {1964},
	publisher= {McGraw-Hill},
	adress = {USA}

}

@article{hua1987solar,
  title={Solar flare neutron production and the angular dependence of the capture gamma-ray emission},
  author={Hua, X-M and Lingenfelter, RE},
  journal={Solar Physics},
  volume={107},
  number={2},
  pages={351--383},
  year={1987},
  publisher={Springer}
}


@ELECTRONIC{spacew,
  author = {{Department of Commerce, National Oceanic and Atmospheric Administration (NOAA)}},
  year = {21 de {M}arzo de 2017},
  title = {\url{www.ngdc.noaa.gov/stp/solar/cosmicrays.html}}
}

@article{cosmicray,
	author = {Hansjörg Schlaepfer},
	title = {{C}osmic {R}ays.},
	journal = {The Century of Space Science.},
	publisher = {Kluwer Academic Publishers, Dordrecht, Boston, London.},
	year = {2003}
}

@ELECTRONIC{nasa,
  author = {{NASA}},
  year = {20 de {M}arzo de 2017},
  title = {\url{https://www.nasa.gov/mission_pages/sunearth/news/X-class-flares.html}}
}

@article{Tsuchiya2001183,
title = {Detection efficiency of a new type of solar neutron detector calibrated by an accelerator neutron beam},
author = {H. Tsuchiya and others},
journal = {Nuclear Instruments and Methods in Physics Research Section A: Accelerators, Spectrometers, Detectors and Associated Equipment},
volume = {463},
number = {1–2},
pages = {183 - 193},
year = {2001},
url = {http://www.sciencedirect.com/science/article/pii/S016890020100290X}
}

@article{ValdesGalicia2009565,
title = {Solar neutron events as a tool to study particle acceleration at the Sun},
journal = {Advances in Space Research},
volume = {43},
number = {4},
pages = {565 - 572},
year = {2009},
author = {J.F. Valdés-Galicia and others}
}

@article{Watanabe20071462,
title = {Highly significant detection of solar neutrons on 2005 September 7},
journal = {Advances in Space Research},
volume = {39},
number = {9},
pages = {1462 - 1466},
year = {2007},
author = {K. Watanabe and others}
}

@article{murak,
	author = {Y. Muraki and others},
	title = {{S}olar {F}lare and {N}eutron {T}elescope.},
	journal = {Nuclear Physics B.},
	year = {1998}
}

@article{murphy,
	author = {R. Murphy},
	title = {{E}xploring {S}olar {F}lares with {G}amma {R}ays and {N}eutrons.},
	journal = {{S}pace {S}cience {D}ivision.},
	year = {2008}
}

@BOOK{introFE,
	author = {María Guadalupe Cordero Tercero and others},
	title = {Introducción a la {F}ísica {E}spacial},
	publisher = {Dirección General de Publicaciones y Fomento Editorial
de la {UNAM}},
	edition = {Primera edición: 26 de agosto de 2013},
	adress = {Ciudad Universitaria, Delegación Coyoacán, 04510, México, D. F.}

}

 @Article{ggmap,
    author = {David Kahle and Hadley Wickham},
    title = {ggmap: Spatial Visualization with ggplot2},
    journal = {The R Journal},
    year = {2013},
    volume = {5},
    number = {1},
    pages = {144--161},
    url = {http://journal.r-project.org/archive/2013-1/kahle-wickham.pdf},
  }

@Article{tidy-data,
  author = {Hadley Wickham},
  issue = {10},
  journal = {The Journal of Statistical Software},
  selected = {TRUE},
  title = {Tidy data},
  url = {http://www.jstatsoft.org/v59/i10/},
  volume = {59},
  year = {2014},
  bdsk-url-1 = {http://www.jstatsoft.org/v59/i10/},
}





@BOOK{grieder,
	author = {Peter K. F. Grieder},
	title = {{C}osmic {R}ays at {E}arth},
	publisher = {Elsevier Science},
	edition = {1st Edition. 27th July 2001},
	isbn = {9780444507105}

}

@BOOK{stanev,
	author = {{T}odor {S}tanev},
	title = {{H}igh {E}nergy {C}osmic {R}ays},
	publisher = {Praxing Publishing},
	edition = {Second Edition}

}

@Manual{dply,
    title = {dplyr: A Grammar of Data Manipulation},
    author = {Hadley Wickham and Romain Francois and Lionel Henry and Kirill Müller},
    year = {2017},
    note = {R package version 0.7.1},
    url = {https://CRAN.R-project.org/package=dplyr},
  }

@BOOK{thomas,
	author = {{T}homas {K.} {G}aisser},
	title = {{C}osmic {R}ays and {P}article {P}hysics},
	publisher = {Cambridge University},
	year = {1990},
	edition = {First Edition}

}

@booklet{spatium,
	title = {{C}osmic {R}ays.},
	journal = {Association Pro ISSI},
	year = {2003}
}